@Book{lamport1985:latex,
  author =		 {Leslie Lamport},
  title =		 {{\LaTeX}---A Document Preparation System---User's
                  Guide and Reference Manual},
  publisher =	 {Ad{\-d}i{\-s}on-Wes{\-l}ey},
  year =		 1985,
  isbn =		 {0-201-15790-X},
}

@Article{Debr01,
  author = 	"E. Debreuve and M. Barlaud and G. Aubert and I. Laurette and
                 J. Darcourt",
  title = 	"Space-time segmentation using level set active contours
                 applied to myocardial gated {SPECT}",
  journal = 	"IEEE Trans.\ Med.\ Imag.",
  year = 	2001,
  pages = 	"643--659",
  number =      7,
  volume = 	20,
  month =       jul,
  keywords = 	"spatio-temporal segmentation",
  annote =	"first paper showing object tunnels on natural images"
}
@book{chung1997spectral,
  title={Spectral graph theory},
  author={Chung, Fan RK},
  volume={92},
  year={1997},
  publisher={American Mathematical Soc.}
}

@article{bertsekas2000gradient,
  title={Gradient convergence in gradient methods with errors},
  author={Bertsekas, Dimitri P and Tsitsiklis, John N},
  journal={SIAM Journal on Optimization},
  volume={10},
  number={3},
  pages={627--642},
  year={2000},
  publisher={SIAM}
}
