@article{gueguen2009safety,
  title={Safety verification and reachability analysis for hybrid systems},
  author={Gu{\'e}guen, Herv{\'e} and Lefebvre, Marie-Anne and Zaytoon, Janan and Nasri, Othman},
  journal={Annual Reviews in Control},
  volume={33},
  number={1},
  pages={25--36},
  year={2009},
  publisher={Elsevier}
}

@article{lakhal2022safe,
  title={Safe and adaptive autonomous navigation under uncertainty based on sequential waypoints and reachability analysis},
  author={Lakhal, Nadhir Mansour Ben and Adouane, Lounis and Nasri, Othman and Slama, Jaleleddine Ben Hadj},
  journal={Robotics and Autonomous Systems},
  volume={152},
  pages={104065},
  year={2022},
  publisher={Elsevier}
}

@article{kwon2017reachability,
  title={Reachability analysis for safety assurance of cyber-physical systems against cyber attacks},
  author={Kwon, Cheolhyeon and Hwang, Inseok},
  journal={IEEE Transactions on Automatic Control},
  volume={63},
  number={7},
  pages={2272--2279},
  year={2017},
  publisher={IEEE}
}

@article{ding2020secure,
  title={Secure state estimation and control of cyber-physical systems: A survey},
  author={Ding, Derui and Han, Qing-Long and Ge, Xiaohua and Wang, Jun},
  journal={IEEE Transactions on Systems, Man, and Cybernetics: Systems},
  volume={51},
  number={1},
  pages={176--190},
  year={2020},
  publisher={IEEE}
}

@inproceedings{kurzhanski2000ellipsoidal,
  title={Ellipsoidal techniques for reachability analysis},
  author={Kurzhanski, Alexander B and Varaiya, Pravin},
  booktitle={International workshop on hybrid systems: Computation and control},
  pages={202--214},
  year={2000},
  organization={Springer}
}

@inproceedings{lakhal2019interval,
  title={Interval-based solutions for reliable and safe navigation of intelligent autonomous vehicles},
  author={Lakhal, Nadhir Mansour Ben and Adouane, Lounis and Nasri, Othman and Slama, Jaleleddine Ben Hadj},
  booktitle={2019 12th International Workshop on Robot Motion and Control (RoMoCo)},
  pages={124--130},
  year={2019},
  organization={IEEE}
}

@article{maiga2015comprehensive,
  title={A comprehensive method for reachability analysis of uncertain nonlinear hybrid systems},
  author={Maiga, Moussa and Ramdani, Nacim and Trav{\'e}-Massuy{\`e}s, Louise and Combastel, Christophe},
  journal={IEEE Transactions on Automatic Control},
  volume={61},
  number={9},
  pages={2341--2356},
  year={2015},
  publisher={IEEE}
}
