@CONFERENCE{Tron:CVPR07,
  author = {Roberto Tron and R. Vidal},
  title = {A Benchmark for the Comparison of 3-{D} Motion Segmentation Algorithms},
  booktitle = IEEE_C_CVPR,
  year = {2007},
}

@inproceedings{Rao:CVPR08,
  title={Motion segmentation via robust subspace separation in the presence of outlying, incomplete, or corrupted trajectories},
  author={S. R. Rao and Roberto Tron and R. Vidal and Y. Ma},
  booktitle=IEEE_C_CVPR,
  pages={1--8},
  year={2008},
  organization={IEEE}
}

@article{Vidal:IJCV08,
  title={Multiframe motion segmentation with missing data using {P}ower{F}actorization and {GPCA}},
  author={R. Vidal and Roberto Tron and R. Hartley},
  journal=IJCV,
  volume={79},
  number={1},
  pages={85--105},
  year={2008},
  publisher={Springer Netherlands}
}

@INPROCEEDINGS{Tron:ICDSC08,
  author = {Roberto Tron and R. Vidal and A. Terzis},
  title = {Distributed pose averaging in camera networks via consensus on {${SE(3)}$}},
  booktitle = IEEE_C_ICDSC,
  year = 2008,
}

@inproceedings{Tron:OMNIVIS08,
  title={Distributed face recognition via consensus on {${SE(3)}$}},
  author={Roberto Tron and R. Vidal},
  booktitle={Workshop on Omnidirectional Vision, Camera Networks and Non-classical Cameras},
  year={2008}
}

@INPROCEEDINGS{Tron:CDC09,
  author = {Roberto Tron and R. Vidal},
  title = {Distributed Image-Based {3-D} Localization in Camera Sensor Networks},
  booktitle = IEEE_C_CDC,
  year = {2009},
}

@article{Rao:PAMI10,
  title={Motion segmentation in the presence of outlying, incomplete, or corrupted trajectories},
  author={S. Rao and Roberto Tron and R. Vidal and Y. Ma},
  journal=IEEE_J_PAMI,
  volume={32},
  number={10},
  pages={1832--1845},
  year={2010},
  publisher={IEEE}
}

@inproceedings{Chen:CDC10,
  title={Corrective consensus: Converging to the exact average},
  author={Y. Chen and Roberto Tron and A. Terzis and R. Vidal},
  booktitle=IEEE_C_CDC,
  pages={1221--1228},
  year={2010},
}

@incollection{Tron:chapter11,
  title={Distributed consensus algorithms for image-based localization in camera sensor networks},
  author={Roberto Tron and A. Terzis and R. Vidal},
  booktitle={Distributed Video Sensor Networks},
  pages={289--302},
  year={2011},
  publisher={Springer}
}

@article{Tron:SPM11,
  title={Distributed computer vision algorithms},
  author={Roberto Tron and R. Vidal},
  journal=IEEE_M_SP,
  volume={28},
  number={3},
  pages={32--45},
  year={2011},
  publisher={IEEE}
}

@inproceedings{Tron:CVPR11,
  title={Distributed computer vision algorithms through distributed averaging},
  author={Roberto Tron and R. Vidal},
  booktitle=IEEE_C_CVPR,
  pages={57--63},
  year={2011},
  organization={IEEE}
}

@inproceedings{Chen:ACC11,
  title={Accelerated corrective consensus: Converge to the exact average at a faster rate},
  author={Y. Chen and Roberto Tron and A. Terzis and R. Vidal},
  booktitle=IEEE_C_ACC,
  pages={3417--3422},
  year={2011},
}

@inproceedings{Chen:CDC11,
  title={Corrective consensus with asymmetric wireless links},
  author={Y. Chen and Roberto Tron and A. Terzis and R. Vidal},
  booktitle=IEEE_C_CDC,
  pages={6660--6665},
  year={2011},
  organization={IEEE}
}

@CONFERENCE{Tron:CDC11,
  author = {Roberto Tron and R. Vidal},
  title = {Average Consensus on Riemannian Manifolds with Bounded Curvature},
  booktitle = IEEE_C_CDC,
  year = {2011},
}

@PhdThesis{Tron:Thesis12,
  author = 	 {Roberto Tron},
  title = 	 {Distributed optimization on manifolds for consensus algorithms and camera network localization},
  school = 	 {The Johns Hopkins University},
  year = 	 2012,
}

@inproceedings{Tron:CDC12,
  title={Intrinsic consensus on {${SO(3)}$} with almost-global convergence},
  author={Roberto Tron and B. Afsari and R. Vidal},
  booktitle= IEEE_C_CDC,
  pages={2052--2058},
  year={2012}
}

@inproceedings{Singaraju:ICASSP12,
  title={On the {L}agrangian biduality of sparsity minimization problems},
  author={D. Singaraju and Roberto Tron and E. Elhamifar and A. Y. Yang and S. Sastry},
  booktitle=IEEE_C_ICASSP,
  pages={3429--3432},
  year={2012},
  organization={IEEE}
}

@article{Tron:TAC13,
  title={Riemannian consensus for manifolds with bounded curvature},
  author={Roberto Tron{} and B. Afsari and R. Vidal},
  journal=IEEE_J_AC,
  volume=58,
  number=4,
  pages={921--934},
  year=2013,
  publisher={IEEE}
}

@CONFERENCE{Tron:CVPR14,
  author = {Roberto Tron and K. Daniilidis},
  title = {On the quotient representation for the essential manifold},
  booktitle = IEEE_C_CVPR,
  year = {2014},
}

@article{Afsari:SJCO13,
  title={On the convergence of gradient descent for finding the Riemannian center of mass},
  author={B. Afsari and Roberto Tron and R. Vidal},
  journal=SIAM_J_CO,
  volume={51},
  number={3},
  pages={2230--2260},
  year={2013},
  publisher={SIAM}
}


@inproceedings{Tron:ECCV14,
  author={Roberto Tron and K. Daniilidis},
  title={Statistical Pose Averaging with Varying and Non-Isotropic Covariances},
  booktitle=IEEE_C_ECCV,
  year={2014}
}

@inproceedings{Tron:MVIGRO14,
  author={Roberto Tron and P. Osteen and J. Owens and K. Daniilidis},
  title={Pose Optimization for the Registration of Multiple Heterogeneous Views},
  booktitle={Workshop on Multi-View Geometry in Robotics},
  year={2014}
}

@inproceedings{Tron:DCE14,
  author={Roberto Tron and J. Thomas and G. Loianno and J. Polin and V. Kumar and K. Daniilidis},
  title={Vision-based formation control of aerial vehicles},
  booktitle={Workshop on Distributed Control and Estimation for Robotic Vehicle Networks},
  year={2014}
}

@CONFERENCE{Tron:ICRA14,
  author = {Roberto Tron and K. Daniilidis},
  title = {An Optimization Approach to Bearing-Only Visual Homing with Applications to a 2-{D} Unicycle Model},
  booktitle = IEEE_C_ICRA,
  year = {2014},
  note = {\url{https://open.bu.edu/handle/2144/18067}}
}

@article{Tron:Arxiv14,
  title={Technical report on optimization-based bearing-only visual homing with applications to a 2-d unicycle model},
  author={Tron, Roberto and Daniilidis, Kostas},
  journal={arXiv preprint arXiv:1402.3584},
  year={2014}
}

@article{Tron:TAC14,
  title={Distributed {3-D} Localization of Camera Sensor Networks
from {2-D} Image Measurements},
  author={Roberto Tron and R. Vidal},
  journal=IEEE_J_AC,
  year={2014}
}

@INPROCEEDINGS{Atanasov:CDC14,
  author = {N. Atanasov and Roberto Tron and V. M. Preciado and G. J. Pappas},
  title = {Joint estimation and localization in sensor networks},
  booktitle = IEEE_C_CDC,
  pages={6875--6882},
  year = {2014},
}

@inproceedings{Leonardos:CVPR15,
  title={A Metric Parametrization for Trifocal Tensors with Non-Colinear Pinholes},
  author={S. Leonardos and Roberto Tron and K. Daniilidis},
  booktitle=IEEE_C_CVPR,
  pages={259--267},
  year={2015}
}

@inproceedings{Tron:WPMS15,
  title={On the inclusion of determinant constraints in {L}agrangian duality for {3D SLAM}},
  author={Roberto Tron and D. M. Rosen and L. Carlone},
  booktitle={Workshop on The Problem of Mobile Sensors},
  year={2015}
}

@inproceedings{Carlone:ICRA15,
  author={L. Carlone and Roberto Tron and K. Daniilidis and F. Dellaert},
  title={Initialization Techniques for {3D SLAM}: a Survey on Rotation Estimation and its Use in Pose Graph Optimization},
  booktitle=IEEE_C_ICRA,
  year={2015}
}

@inproceedings{Tron:ACC15,
  author={Roberto Tron and L. Carlone and F. Dellaert and K. Daniilidis},
  title={Rigid Components Identification and Rigidity Enforcement in Bearing-Only Localization using the Graph Cycle Basis},
  booktitle=IEEE_C_ACC,
  year={2015}
}

@article{Tron:CSM16,
  author={Roberto Tron and J. Thomas and G. Loianno and K. Daniilidis and V. Kumar},
  title={A Distributed Optimization Framework for Localization and Formation Control with Applications to Vision-Based Measurements
},
  journal=IEEE_M_CS,
  year=2016
}

@inproceedings{Tron:DiffCVML16,
  author={Roberto Tron and X. Zhou and K. Daniilidis},
  title={A Survey on Rotation Optimization in Structure from Motion},
  booktitle={Workshop on Differential Geometry and Computer Vision},
  year={2016}
}

@unpublished{Tron:ArXiv16,
  author = 	 {Roberto Tron},
  title = 	 {A Factorization Approach to Inertial Affine Structure from Motion},
  note = {ArXiV, \url{http://arxiv.org/abs/1608.02680}},
  year={2016}
}

@inproceedings{Tron:CDC16,
  author={Roberto Tron and J. Thomas and G. Loianno and K. Daniilidis and V. Kumar},
  title={Bearing-only formation control with auxiliary distance measurements, leaders, and collision avoidance},
  booktitle=IEEE_C_CDC,
  year={2016}
}

@CONFERENCE{Tron:ICCV17,
  author = {Roberto Tron and X. Zhou and C. Esteves and K. Daniilidis},
  title = {Fast Multi-Image Matching via Density-Based Clustering},
  booktitle = IEEE_C_ICCV,
  year = {2017},
}

@article{Tron:SIIMS17,
  title={The space of essential matrices as a Riemannian quotient manifold},
  author={Roberto Tron and K. Daniilidis},
  journal=SIAM_J_IS,
  year={2017},
  publisher={Society for Industrial and Applied Mathematics}
}

@inproceedings{Karimian:CDC17,
  author={A. Karimian and Roberto Tron},
  title={Theory and Methods for Bearing Rigidity Recovery},
  booktitle=IEEE_C_CDC,
  year={2017}
}

@inproceedings{Schiano:ICRA18,
  author={F. Schiano and Roberto Tron},
  title={The Dynamic Bearing Observability Matrix: Nonlinear Observability and Estimation for Multi-Agent Systems},
  booktitle=IEEE_C_ICRA,
  year={2018}
}

@inproceedings{Leonardos:ACC19,
  author={Spyridon Leonardos and Kostas Daniilidis and Roberto Tron},
  title={Distributed 3-D bearing-only orientation localization},
  booktitle=IEEE_C_CDC,
  year={2019 (under review)}
}


@inproceedings{Serlin:ISER18,
  author={Z. Serlin and B. Sookraj and C. Belta and Roberto Tron},
  title={Consistent Multi-Robot Object Matching via {Q}uick{M}atch},
  booktitle=ISER,
  year=2018
}

@inproceedings{Pandey:IROS18,
  author={P. Pandey and Q. He and D. Pompili and Roberto Tron},
  title={Light-weight Object Detection and Decision Making via Approximate Computing in Resource-constrained Mobile Robots},
  booktitle=IEEE_C_IROS,
  year=2018
}

@inproceedings{Serlin:IROS18,
  author={Z. Serlin and K. Leahy and Roberto Tron and C. Belta},
  title={Distributed Sensing Subject to Temporal Logic Constraints},
  booktitle=IEEE_C_IROS,
  year=2018
}

@INPROCEEDINGS{Tron:CDC18,
  author = {Roberto Tron},
  title = {Bearing-Based Formation Control with Second-Order Agent Dynamics},
  booktitle = IEEE_C_CDC,
  year = {2018},
}

@INPROCEEDINGS{Greenawalt:ACC19,
  author = {John Greenawalt and Roberto Tron},
  title = {A Bearing-Based Control Law for Trajectory Tracking},
  booktitle = IEEE_C_ACC,
  year = 2019,
}

@INPROCEEDINGS{Yang:ACC19,
  author = {Guang Yang and Calin Belta and Roberto Tron},
  title = {Self-triggered Control for Safety Critical Systems Using Control Barrier Functions},
  booktitle = IEEE_C_ACC,
  year = {2019},
}

@inproceedings{Bahreinian:CDC19,
  author={Mahroo Bahreinian and Roberto Tron},
  title={A Computational Theory of Robust Localization Verifiability in the Presence of Pure Outlier Measurements},
  booktitle=IEEE_C_CDC,
  year={2019}
}

@unpublished{Vang2018,
  author = {Vang, Bee and Tron, Roberto},
  title = {{Non-Natural Metrics on the Tangent Bundle}},
  url = {http://arxiv.org/abs/1809.06895},
  year = {2018},
  note = {ArXiV, \url{http://arxiv.org/abs/1809.06895}},
}

@inproceedings{Vang:CDC19,
  author={Bee Vang and Roberto Tron},
  title={Geometric Attitude Control via Contraction on Manifolds with Automatic Gain Selection},
  booktitle=IEEE_C_CDC,
  year={2019}
}

@inproceedings{Leonardos:CDC19,
  author={Spyridon Leonardos and Kostas Daniilidis and Roberto Tron},
  title={Distributed 3-D Bearing-Only Orientation Localization},
  booktitle=IEEE_C_CDC,
  year={2019}
}

@inproceedings{Jones:ISSR19,
  author={Austin Jones and Kevin Leahy and Cristian Ioan Vasile and Sadra Sadraddini and Zachary Serlin and Roberto Tron and Calin Belta},
  title={{ScRATCHS}: Scalable and Robust Algorithms for Task-based Coordination from High-level Specifications},
  booktitle=ISSR,
  year={2019}
}

@inproceedings{Wardega:AAMAS19,
  author={Kacper Wardega and Roberto Tron and Wenchao Li},
  title={Masquerade Attack Detection Through Observation Planning for Multi-Robot Systems},
  booktitle=AAMAS,
  year={2019}
}

@article{Serlin:IJRR20,
  title={Distributed and Consistent Multi-Image Feature Matching via {Q}uick{M}atch},
  author={Zachary Serlin and Guang Yang and Brandon Sookraj and Calin Belta and and Roberto Tron},
  journal=IJRR,
  year={2020 (accepted)},
  publisher={Springer Netherlands}
}

@inproceedings{Yang:ICACR19,
  title={Sampling-based Motion Planning via Control Barrier
Functions},
  author={Guang Yang and Bee Vang and Zachary Serlin and Calin Belta and Roberto Tron},
  booktitle=ICACR,
  year={2019},
}

@inproceedings{Yang:ACC20,
  title={Continuous-time Signal Temporal Logic Planning with Control Barrier Functions},
  author={Guang Yang and Calin Belta and Roberto Tron},
  booktitle=IEEE_C_ACC,
  year={2020},
}

@inproceedings{Karimian:ACC20,
  title={Bearing-Only Consensus and Formation Control under Directed Topologies},
  author={Arman Karimian and Roberto Tron},
  booktitle=IEEE_C_ACC,
  year=2020,
}

@inproceedings{Yang:IROS20,
  title={Multi-Agent Path Planning Under Observation Schedule Constraints},
  author={Ziqi Yang and Roberto Tron},
  booktitle=IEEE_C_IROS,
  year={2020},
}

@inproceedings{Vang:CDC20,
  title={Global Attitude Control via Contraction on Manifolds with Reference Trajectory and Optimization},
  author={Bee Vang and Roberto Tron},
  booktitle=IEEE_C_CDC,
  year={2020},
}

@inproceedings{Karimian:ECCV20,
  title={Statistical Outlier Identification in Multi-robot Visual SLAM using Expectation Maximization},
  author={Arman Karimian and Ziqi Yang and Roberto Tron},
  booktitle=IEEE_C_ECCV,
  year={2020},
}

@article{Dunn:RAL20,
  title={Vision-Based Quadcopter Leader-Follower Formation Control Using a Siamese-Hourglass Neural Network},
  author={James Dunn and Roberto Tron},
  journal=IEEE_J_RAL,
  year={2020},
}

% @inproceedings{Mencoff:IROS20, title={Automatic Generation of Truss Structures for Robot Navigation}, author={George Mencoff and Roberto Tron}, booktitle=IEEE_C_IROS, year={(under review)}, } 

@inproceedings{Bahreinian:ACC21,
  title={Robust Path Planning and Control For Polygonal Environments via Linear Programming },
  author={Mahroo Bahreinian and Erfan Aasi and Roberto Tron},
  booktitle=IEEE_C_ACC,
  year={2021},
}

@inproceedings{Wang:ACC21,
  title={Chance Constraint Robust Control with Control Barrier Functions},
  author={Chenfei Wang and Mahroo Bahreinian and Roberto Tron},
  booktitle=IEEE_C_ACC,
  year={2021},
}

@article{Karimian:LCSS21,
  title={Bearing-Only Navigation and Formation Control with Field of View Constraints},
  author={Arman Karimian and Roberto Tron},
  booktitle=IEEE_J_CSL,
  year={2021},
}

@inproceedings{Liu:ICRA21,
  title={Sensing through Collisions with Applications to Self-Localization in Quadrotors},
  author={Cheng Liu and Roberto Tron},
  booktitle=IEEE_C_ICRA,
  year={2021},
}

@inproceedings{Zhang:ICRA21,
  title={Haptic Feedback Improves Human-Robot Agreement and User Satisfaction in Shared-Autonomy Teleoperation},
  author={Dawei Zhang and Roberto Tron and Rebecca Khurshid},
  booktitle=IEEE_C_ICRA,
  year={2021},
}

@inproceedings{Mijans:ICRA21,
  title={Visual-Inertial Filtering for Human Walking Quantification},
  author={Marc Mitjans and Michail Theofanidis and Ashley Nicole Collimore and Madelaine Lee Disney and David Michael Levine and Louis Awad and Roberto Tron},
  booktitle=IEEE_C_ICRA,
  year={2021},
}

@article{Bahreinian:TCNS21,
  title={Localization Verifiability Under Outlier Measurements with Linear Programming},
  author={Mahroo Bahreinian and Roberto Tron},
  journal=IEEE_J_CNS,
  year={(under review)},
}

@inproceedings{Bahreinian:CDC21,
  title={Robust Sample-Based Path Planning and Control via Control BarrierFunction and Control Lyapunov Function},
  author={Mahroo Bahreinian and Marc Mitjans and Roberto Tron},
  booktitle=IEEE_C_CDC,
  year={(under review)},
}

@inproceedings{Zhang:CDC21,
  title={Safe and Stable Haptic Teleportation of UAVs via Passivity ControlBarrier Functions},
  author={Dawei Zhang and Roberto Tron},
  booktitle=RSS,
  year={(under review)},
}

% @inproceedings{Lin:CDC20, title={Control barrier Function with Splitting Coefficients for Multi-robot System}, author={Xiaoshan Lin and Roberto Tron}, booktitle=IEEE_C_CDC, year={(under review)}, } 