%% This BibTeX bibliography file was created using BibDesk.
%% https://bibdesk.sourceforge.io/

%% Created for Ricky Yang at 2023-09-13 14:10:26 +0800 


%% Saved with string encoding Unicode (UTF-8) 



@inproceedings{yang2021multi,
	author = {Yang, Ziqi and Tron, Roberto},
	booktitle = {2021 60th IEEE Conference on Decision and Control (CDC)},
	date-added = {2023-09-13 11:44:04 +0800},
	date-modified = {2023-09-13 11:44:04 +0800},
	organization = {IEEE},
	pages = {241--247},
	title = {Multi-Agent Trajectory Optimization Against Plan-Deviation Attacks using Co-Observations and Reachability Constraints},
	year = {2021}}

@inproceedings{karimian2020rotational,
	author = {Karimian, Arman and Yang, Ziqi and Tron, Roberto},
	booktitle = {Computer Vision--ECCV 2020: 16th European Conference, Glasgow, UK, August 23--28, 2020, Proceedings, Part XXX 16},
	date-added = {2023-09-13 11:43:50 +0800},
	date-modified = {2023-09-13 11:43:50 +0800},
	organization = {Springer},
	pages = {391--407},
	title = {Rotational outlier identification in pose graphs using dual decomposition},
	year = {2020}}

@inproceedings{yang2020multi,
	author = {Yang, Ziqi and Tron, Roberto},
	booktitle = {2020 IEEE/RSJ International Conference on Intelligent Robots and Systems (IROS)},
	date-added = {2023-09-13 11:43:38 +0800},
	date-modified = {2023-09-13 11:43:38 +0800},
	organization = {IEEE},
	pages = {6990--6997},
	title = {Multi-agent path planning under observation schedule constraints},
	year = {2020}}
